% This file was created with JabRef 2.10b2.
% Encoding: UTF-8


@Other{Einevoll2007,
  Title                    = {Laminar population analysis: Estimating firing rates and evoked synaptic activity from multielectrode recordings in rat barrel cortex},
  Abstract                 = {You might find this additional information useful... This article cites 35 articles, 19 of which you can access free at:},
  Author                   = {Gaute T. Einevoll and Klas H. Pettersen and Devor, Anna and Ulbert, Istvan and Halgren, Eric and Anders M. Dale and Pettersen, K. H. and Einevoll, G. T. and Devor, A. and Tian, P. and Nishimura, N. and Teng, I. C. and Hillman, E. M. C. and Narayanan, S. N. and Ulbert, I. and Boas, A. and Kleinfeld, D. and Dale, A. M. and Gaute T. Einevoll and Klas H. Pettersen and Devor, Anna and Ulbert, Istvan and Halgren, Eric and Anders M. Dale},
  Owner                    = {hglabska},
  Timestamp                = {2015.07.19},
  Year                     = {2007}
}

@Article{Glabska2014,
  Title                    = {Independent Components of Neural Activity Carry Information on Individual Populations},
  Author                   = {Głąbska, Helena and Potworowski, Jan and Łęski, Szymon and Wójcik, Daniel K.},
  Journal                  = {PLoS ONE},
  Year                     = {2014},

  Month                    = {Aug},
  Number                   = {8},
  Pages                    = {e105071},
  Volume                   = {9},

  __markedentry            = {[hglabska:6]},
  Doi                      = {10.1371/journal.pone.0105071},
  Editor                   = {Cymbalyuk, GennadyEditor},
  ISSN                     = {1932-6203},
  Owner                    = {hglabska},
  Publisher                = {Public Library of Science (PLoS)},
  Timestamp                = {2015.07.19},
  Url                      = {http://dx.doi.org/10.1371/journal.pone.0105071}
}

@Article{Ness2015,
  Title                    = {Modelling and Analysis of Electrical Potentials Recorded in Microelectrode Arrays (MEAs)},
  Author                   = {Ness, Torbjørn V. and Chintaluri, Chaitanya and Potworowski, Jan and Łęski, Szymon and Głąbska, Helena and Wójcik, Daniel K. and Einevoll, Gaute T.},
  Journal                  = {Neuroinform},
  Year                     = {2015},

  Month                    = {Mar},

  __markedentry            = {[hglabska:]},
  Doi                      = {10.1007/s12021-015-9265-6},
  ISSN                     = {1559-0089},
  Owner                    = {hglabska},
  Publisher                = {Springer Science + Business Media},
  Timestamp                = {2015.07.19},
  Url                      = {http://dx.doi.org/10.1007/s12021-015-9265-6}
}

